%YAML 1.1
%TAG !u! tag:unity3d.com,2011:
--- !u!1 &182108
GameObject:
  m_ObjectHideFlags: 0
  m_PrefabParentObject: {fileID: 0}
  m_PrefabInternal: {fileID: 100100000}
  serializedVersion: 4
  m_Component:
  - 4: {fileID: 429716}
  - 114: {fileID: 11422306}
  - 114: {fileID: 11495042}
  m_Layer: 0
  m_Name: _UI_Manager
  m_TagString: Untagged
  m_Icon: {fileID: 0}
  m_NavMeshLayer: 0
  m_StaticEditorFlags: 0
  m_IsActive: 1
--- !u!4 &429716
Transform:
  m_ObjectHideFlags: 1
  m_PrefabParentObject: {fileID: 0}
  m_PrefabInternal: {fileID: 100100000}
  m_GameObject: {fileID: 182108}
  m_LocalRotation: {x: 0, y: 0, z: 0, w: 1}
  m_LocalPosition: {x: 0, y: 0, z: 0}
  m_LocalScale: {x: 1, y: 1, z: 1}
  m_LocalEulerAnglesHint: {x: 0, y: 0, z: 0}
  m_Children: []
  m_Father: {fileID: 0}
  m_RootOrder: 0
--- !u!114 &11422306
MonoBehaviour:
  m_ObjectHideFlags: 1
  m_PrefabParentObject: {fileID: 0}
  m_PrefabInternal: {fileID: 100100000}
  m_GameObject: {fileID: 182108}
  m_Enabled: 1
  m_EditorHideFlags: 0
  m_Script: {fileID: 11500000, guid: 3b9607b862f3d4aab943040451f352b8, type: 3}
  m_Name: 
  m_EditorClassIdentifier: 
  Tutrial: {fileID: 0}
  magnetBtn: {fileID: 0}
  multipleiBtn: {fileID: 0}
  nendbanner: {fileID: 0}
  banner: {fileID: 0}
  tweenGroups:
  - name: Menu
    _OnScreen: 0
    tweens:
    - transform: {fileID: 0}
      direction: 2
      padding: 500
      ease: 26
      speed: 0.45
  - name: Upgrades
    _OnScreen: 0
    tweens:
    - transform: {fileID: 0}
      direction: 2
      padding: 800
      ease: 17
      speed: 0.7
  - name: Options
    _OnScreen: 0
    tweens:
    - transform: {fileID: 0}
      direction: 1
      padding: 500
      ease: 26
      speed: 0.75
    - transform: {fileID: 0}
      direction: 3
      padding: 510
      ease: 26
      speed: 0.7
  - name: Game
    _OnScreen: 0
    tweens:
    - transform: {fileID: 0}
      direction: 0
      padding: 500
      ease: 26
      speed: 0.7
    - transform: {fileID: 0}
      direction: 0
      padding: 530
      ease: 26
      speed: 0.63
    - transform: {fileID: 0}
      direction: 2
      padding: 500
      ease: 14
      speed: 0.85
  - name: Death
    _OnScreen: 0
    tweens:
    - transform: {fileID: 0}
      direction: 2
      padding: 600
      ease: 16
      speed: 0.7
  MaxLevel: 10
  dontpanel: {fileID: 0}
--- !u!114 &11495042
MonoBehaviour:
  m_ObjectHideFlags: 1
  m_PrefabParentObject: {fileID: 0}
  m_PrefabInternal: {fileID: 100100000}
  m_GameObject: {fileID: 182108}
  m_Enabled: 1
  m_EditorHideFlags: 0
  m_Script: {fileID: 11500000, guid: 07e7f99d2e74f284dbb3910f657d2770, type: 3}
  m_Name: 
  m_EditorClassIdentifier: 
  backKeyAction: 0
  nextSceneName: 
  onClickBack:
    m_PersistentCalls:
      m_Calls: []
    m_TypeName: UnityEngine.Events.UnityEvent, UnityEngine, Version=0.0.0.0, Culture=neutral,
      PublicKeyToken=null
--- !u!1001 &100100000
Prefab:
  m_ObjectHideFlags: 1
  serializedVersion: 2
  m_Modification:
    m_TransformParent: {fileID: 0}
    m_Modifications: []
    m_RemovedComponents: []
  m_ParentPrefab: {fileID: 0}
  m_RootGameObject: {fileID: 182108}
  m_IsPrefabParent: 1
